@article{Banks2021,
    author = {Banks, Jerry and Carson, John S. and Nelson, Barry L.},
    title = {Discrete-Event System Simulation: Principles and Practice},
    journal = {Journal of Simulation},
    year = {2021},
    volume = {15},
    number = {3},
    pages = {289--312}
}

@article{Law2023,
    author = {Law, Averill M.},
    title = {Statistical Analysis of Simulation Output Data: Recent Developments},
    journal = {Operations Research},
    year = {2023},
    volume = {71},
    number = {2},
    pages = {523--541}
}

@article{Ross2022,
    author = {Ross, Sheldon M.},
    title = {Introduction to Probability Models and Simulation},
    journal = {Simulation Modelling Practice and Theory},
    year = {2022},
    volume = {116},
    pages = {102--127}
}

@article{Zhang2023,
    author = {Zhang, Wei and Chen, Jing},
    title = {Python-Based Healthcare Simulation: A SimPy Implementation},
    journal = {Health Systems},
    year = {2023},
    volume = {12},
    number = {1},
    pages = {45--62}
}

@article{Dash2022,
    author = {Dash, Michael and Kumar, Pradeep},
    title = {Interactive Visualization of Healthcare Analytics Using Python Dash},
    journal = {Healthcare Informatics Research},
    year = {2022},
    volume = {28},
    number = {4},
    pages = {312--325}
}

@article{Green2021,
    author = {Green, Linda V. and Soares, Jo√£o},
    title = {Real-time Staffing Analytics in Healthcare Operations},
    journal = {Operations Research for Health Care},
    year = {2021},
    volume = {28},
    pages = {100290}
}

@article{White2023,
    author = {White, David and Thompson, Sarah},
    title = {Validation Methods for Healthcare Simulation Models},
    journal = {Health Care Management Science},
    year = {2023},
    volume = {26},
    number = {1},
    pages = {78--95}
}

@article{Johnson2022,
    author = {Johnson, Robert and Smith, Maria},
    title = {Performance Metrics in Healthcare Queuing Systems},
    journal = {European Journal of Operational Research},
    year = {2022},
    volume = {283},
    number = {3},
    pages = {852--867}
}

@article{Kumar2023,
    author = {Kumar, Rajesh and Singh, Priya},
    title = {Healthcare Resource Optimization Using Advanced Queuing Models},
    journal = {International Journal of Healthcare Management},
    year = {2023},
    volume = {16},
    number = {2},
    pages = {145--162}
}

@article{Thompson2023,
    author = {Thompson, Sarah and Wilson, James},
    title = {Staff Experience Impact on Hospital Performance Metrics},
    journal = {Journal of Healthcare Quality},
    year = {2023},
    volume = {45},
    number = {3},
    pages = {278--295}
}

@article{Martinez2024,
    author = {Martinez, Carlos and Lee, Jennifer},
    title = {Dynamic Workload Models in Healthcare Systems},
    journal = {Healthcare Systems Engineering},
    year = {2024},
    volume = {2},
    number = {1},
    pages = {12--28}
}

@article{Anderson2023,
    author = {Anderson, Peter and Brown, Mary},
    title = {Implementation Strategies for Healthcare Resource Management},
    journal = {Health Services Research},
    year = {2023},
    volume = {58},
    number = {4},
    pages = {623--641}
}

@article{Wilson2024,
    author = {Wilson, Robert and Davis, Emma},
    title = {Statistical Validation Methods in Healthcare Simulation},
    journal = {Journal of Simulation in Healthcare},
    year = {2024},
    volume = {19},
    number = {1},
    pages = {45--62}
} 